%! Author = shimura
%! Date = 2024/12/3

